

@book{Pythonprobastat,
	author={Vigon, Vincent},
	title={Python Proba Stat},		
	publisher={Independently published},
	year={2018},
	ISBN={978-1729378595}}
}

@misc{SituationDette,
	author={Lemire, Daniel},
	title={Les chaînes de Markov},
	note={\url{https://spip.teluq.ca/inf6460/spip.php?article108}}
}

@misc{Hockey,
	author={Ajaja, Abdurrazzak},
	title={Chaînes de Markov},	
	note={\url{https://scientificsentence.net/Equations/Algebre_lineaire/index.php?key=yes&Integer=chaine_markov}}
}


@misc{Markov,
	author={Economy-pedia},
	title={Chaîne de Markov},	
	note={\url{https://economy-pedia.com/11031896-markov-chain#menu-1}}
}

@book{vivremieux,
	author={Lefeux, Pete},
	title={Vivre mieux en faisant des mathémathiques},
	publisher={MathAcadémie},
	year={2014}
}
	
@misc{Loiprob,
	author=[Houde, Louis],
	title=[Lois de probabilité],
	note={\url{https://oraprdnt.uqtr.uquebec.ca/Gscdepot/paf1010/13/M7.pdf}}
}