@article{introductionEnAnglais,
	author={Soni, Devin},
	title={Introduction to Markov Chains},
	journal={Towards Data Science},
	year={2018},
	month={mars},
	note={\url{https://towardsdatascience.com/introduction-to-markov-chains-50da3645a50d/}}	
}

@misc{biographieMarkov,
	author={Myers, David Schön  and Wallin, Lisa and Wikström, étudiants en finance, Petter},
	title={An introduction to Markov chains and their applications within finance},	note={\url{http://www.math.chalmers.se/Stat/Grundutb/CTH/mve220/1617/redingprojects16-17/IntroMarkovChainsandApplications.pdf}}
}

@article{realWorldUses,
	author={Lee, Informaticien, Joel},
	title={What Are Markov Chains? 5 Nifty Real World Uses},		
	year={2016},
	note={\url{https://www.makeuseof.com/tag/markov-chains-5-nifty-real-world-uses/}}
}

@article{Modelisation,
	author={Fortin, Julien St-Pierre},
	title={Modélisation par chaînes de Markov de la gestion des relations clients},
	journal={HEC Montréal},
	year={2018},
	month={décembre},
	note={\url{https://biblos.hec.ca/biblio/memoires/m2019a610186.pdf}}
}

@article{baseInformation,
	author={Haurie, Alain},
	title={Les chaînes de Markov, la distribution des firmes suivant leurtaille et la mobilité des entreprises},
	journal={L'Actualité économique},
	volume={42(3)},
	year={1966},
	month={décembre},
	pages={657-669},
	note={\url{https://www.erudit.org/en/journals/ae/1966-v42-n3-ae1521754/1003365ar.pdf}}
}

@misc{docFlipo,
	author={Flipo, Daniel},
	title={Chaînes de Markov},	
	note={\url{http://math.univ-lille1.fr/~marsalle/enseignement/ISN/ChainesMarkovDanielFlipo.pdf}}
}

@article{customerRelations,
	author={Preifer, Philip E. and Carraway, Robert L.},
	title={Modeling Customer Relationships as Markov Chains},	
	journal={Journal of Interactive Marketing},
	volume={14(2)},
	year={2000},
	month={mai},
	pages={657-669},
	note={\url{https://journals.sagepub.com/doi/pdf/10.1002/(SICI)1520-6653(200021)14:2%3C43::AID-DIR4%3E3.0.CO;2-H}}
}

@misc{puissanceInverse,
	author={Boulaich, Yassine},
	title={Méthode de la puissance inverse},	note={\url{https://www.researchgate.net/profile/Yassine-Boulaich/publication/301296584_Methode_de_la_puissance_inverse/links/5710c8cb08ae74cb7da04519/Methode-de-la-puissance-inverse.Pdf
}}
}

@misc{nonreversibleMarkov,
	author={Diaconis, Persi and Holmes, Susan and Neal, Radford M.},
	title={Analysis of a nonreversible Markov chain sampler},		note={\url{https://www.jstor.org/stable/2667319}}
}

@misc{docUQAC,
	author={Coulibaly, informaticien, Ismaël},
	title={Conception d’algorithmes probabilistes pour l’estimation des génotypes d’un corpus de généalogie par chaînes de Markov},
	note={\url{https://constellation.uqac.ca/190/1/030097733.pdf}}
}



